<?xml version="1.0" encoding="UTF-8"?><collection><record><leader>06578ntm a2200481 a 4500</leader><controlfield tag="001">006806233</controlfield><controlfield tag="003">MiAaHDL</controlfield><controlfield tag="005">20190719000000.0</controlfield><controlfield tag="006">m        d        </controlfield><controlfield tag="007">cr bn ---auaua</controlfield><controlfield tag="008">090602s16uu    xx            00| ||ara d</controlfield><datafield tag="035" ind1=" " ind2=" "><subfield code="a">(MiU)006806233</subfield></datafield><datafield tag="035" ind1=" " ind2=" "><subfield code="a">sdr-miu006806233</subfield></datafield><datafield tag="040" ind1=" " ind2=" "><subfield code="a">MiU</subfield><subfield code="c">MiU</subfield><subfield code="e">amremm</subfield></datafield><datafield tag="043" ind1=" " ind2=" "><subfield code="a">n-us-mi</subfield></datafield><datafield tag="100" ind1="1" ind2=" "><subfield code="6">880-01</subfield><subfield code="a">ʻIṣām al-Asfarāyīnī, Ibrāhīm ibn Muḥammad,</subfield><subfield code="d">1468 or 1469-1538 or 1539.</subfield></datafield><datafield tag="245" ind1="1" ind2="0"><subfield code="6">880-03</subfield><subfield code="a">Ḥāshiyat ʻIṣām al-Dīn ʻalá al-Bayḍāwī,</subfield><subfield code="f">[17th century?].</subfield></datafield><datafield tag="260" ind1=" " ind2=" "><subfield code="c">[16--?].</subfield></datafield><datafield tag="300" ind1=" " ind2=" "><subfield code="a">230 leaves :</subfield><subfield code="b">paper ;</subfield><subfield code="c">290 x 155 (220 x 90) mm.</subfield></datafield><datafield tag="500" ind1=" " ind2=" "><subfield code="a">Shelfmark: Ann Arbor, University of Michigan, Special Collections Library, Isl. Ms. 468</subfield></datafield><datafield tag="500" ind1=" " ind2=" "><subfield code="a">Origin: Ends abruptly and lacks dated colophon ; paper and hand would suggest 17th century ; dated waqf statement provides a terminus ante quem of 1782-83.</subfield></datafield><datafield tag="500" ind1=" " ind2=" "><subfield code="a">Accompanying materials: a. Inventory cataloguing slip in hand of Winifred Smeaton Thomas. -- b. Acquisitions slip from Yahuda.</subfield></datafield><datafield tag="500" ind1=" " ind2=" "><subfield code="a">Former shelfmark: From inner front cover and spine label, "IL 83" (likely supplied by Yahuda, see acquisitions slip).</subfield></datafield><datafield tag="500" ind1=" " ind2=" "><subfield code="a">Binding: Pasteboards covered in laid paper with a vegetal design stamped in high relief, edges and spine covered in brown leather ; Type II binding (with flap, though now missing) ; board linings in European laid paper ; sewn in black thread, four stations ; endbands entirely gone ; in poor condition with significant delamination and losses to both covers, especially at the corners ; lower cover almost entirely detached ; housed in box for protection.</subfield></datafield><datafield tag="500" ind1=" " ind2=" "><subfield code="a">Support: non-European (likely 17th century Persian) laid paper with laid lines spaced roughly 8-9 laid lines per cm., some sagging and curving, and occasional single chain line visible ; varying in orientation ; crisp ; many undissolved fibers ; back flyleaf and pastedown in European laid paper with watermark (horn in shield, crown above, initials "A B[?]" below) ; some ink burn.</subfield></datafield><datafield tag="500" ind1=" " ind2=" "><subfield code="a">Decoration: Text partially rubricated with keywords, overlining, etc. ; multiple gaps (lacunae) appear where rubrics would have gone indicate rubrication was never completed ; numerous pages where some but not all of the rubrics have been supplied (filling the gaps).</subfield></datafield><datafield tag="500" ind1=" " ind2=" "><subfield code="a">Script: Naskh ; very nice, neat hand with vertical, sans serif alifs ; mostly pointed, frequently vowelled.</subfield></datafield><datafield tag="500" ind1=" " ind2=" "><subfield code="a">Layout: Written in 27-33 lines per page, highly inconsistent though number of lines tends to increase as one proceeds through the codex ; frame-ruled.</subfield></datafield><datafield tag="500" ind1=" " ind2=" "><subfield code="a">Collation: 23 V(230),i ; entirely quinions ; quires signed (numbered) with full word (e.g. الخامس) appearing in the top left corner of the recto of the first page of each quire, frequently lost partially or entirely to trimming and page wear (see first at fol.31a/p.61) ; catchwords present ; pagination in pencil, Western numerals, supplied during cataloguing.</subfield></datafield><datafield tag="500" ind1=" " ind2=" "><subfield code="a">Explicit: "ان الله يحكم ما يريد من تحليل وتحريم لو جعل ما يريد اعم من ذلك لكان ابلغ في وجوب قبول احكامه واذا صرح الكساف بعمومه ولما كان تحريم الصيد للمحرم ومما لا تظهر مصلحته عقبه به ...[؟] على انه ليس لاحد ان لا يقبل احكامه الا بعد معرفة ...[؟] بل ينبغي ان ينقاد لانه"</subfield></datafield><datafield tag="500" ind1=" " ind2=" "><subfield code="a">Incipit: "قوله الحمد لله الذي نزل الفرقان على عبده ليكون للعالمين نذيرا اقتبس اقتباسا لطيفا من قوله تعالى تبارك الذي نزل الفرقان على عبده ليكون للعالمين نذيرا ولا يحتاج فيه الى دفع ما يتجه على المقتبس منه"</subfield></datafield><datafield tag="500" ind1=" " ind2=" "><subfield code="a">Title from waqf statement on fol.1a (p.1).</subfield></datafield><datafield tag="500" ind1=" " ind2=" "><subfield code="a">Ms. codex.</subfield></datafield><datafield tag="510" ind1="4" ind2=" "><subfield code="a">Brit. Mus. Suppl.,</subfield><subfield code="c">117</subfield></datafield><datafield tag="510" ind1="4" ind2=" "><subfield code="a">Ḥājjī Khalīfah. Kashf al-ẓunūn,</subfield><subfield code="c">1/190-191.</subfield></datafield><datafield tag="520" ind1="8" ind2=" "><subfield code="a">Fine copy of what is likely the gloss of ‘Isām al-Dīn Ibrāhīm ibn Muḥammad ibn ʻArab Shāh al-Isfarā’inī (al-Isfarāyinī) on the commentary of al-Bayḍawī, lacking any opening matter and proceeding from Sūrat al-Fātiḥah only to Sūrat al-Māʼidah (5). Description provided by Noah Gardiner.</subfield></datafield><datafield tag="538" ind1=" " ind2=" "><subfield code="a">Mode of access: Internet.</subfield></datafield><datafield tag="541" ind1=" " ind2=" "><subfield code="a">Acquired in 1926 from the bookseller Isaac Benjamin S.E. Yahuda via purchase transacted on his behalf by Abraham Shalom Yahuda (1877-1951), his younger brother.</subfield></datafield><datafield tag="546" ind1=" " ind2=" "><subfield code="a">Arabic.</subfield></datafield><datafield tag="561" ind1=" " ind2=" "><subfield code="a">On fol.1a (p.1), a lengthy waqf statement dated 1197 [1782-83] reads "...وبعد وقفت هذا الجلد الاول من حاشية عصام الدين على البيضاوي ووضعت بدار كتبي خالصا لوجه الله وابتغاء لمرضاته ورجاء من المستفيدين من الدعاء بالخير بحيث لا يباع ولا يرهن ولا يوهب ولا يخرج من الدار المذكور ولا يمنع احد من الاستعمال به فمن اراد الاستنساخ ففي ذلك المكان وان ينفعنا به يوم لا ينفع مال ولا بنون الا من اتى الله بقلب سليم فمن بدله بعد ما سمعه فانما اثمه على الذين يبدلونه ان الله سميع عليم وانا الفقير الى الله الكريم السيد ابراهيم الشهير بنقيب زاده الرهاوى سنه ١١٩۷" accompanied by the oval seal impression of the founder (wāqif) al-Sayyid Ibrāhīm Naqībʹzādah al-Ruhāwī (Nakibzade Hacı İbrahim Ruhâvî), likely of Şanlıurfa (Urfa), bearing the name "ابراهيم" surrounded by a floral design (compare statement in Isl. Ms. 566) ; a condensed version of the waqf statement is repeated numerous times throughout the codex, nicely calligraphed in the style of a seal (see pp.3, 302, 379) "وقف السيد الحاج ابراهيم نقيب زاده بدار كتبه مرخصا [؟]" ; occasional corrections, marked with "صح", mostly in the copyist's hand.</subfield></datafield><datafield tag="600" ind1="1" ind2="0"><subfield code="a">Bayḍāwī, ʻAbd Allāh ibn ʻUmar,</subfield><subfield code="d">-1286?</subfield><subfield code="t">Anwār al-tanzīl wa-asrār al-taʼwīl.</subfield></datafield><datafield tag="630" ind1="0" ind2="0"><subfield code="a">Qurʼan</subfield><subfield code="x">Commentaries</subfield><subfield code="v">Early works to 1800.</subfield></datafield><datafield tag="650" ind1=" " ind2="0"><subfield code="a">Manuscripts, Arabic</subfield><subfield code="z">Michigan</subfield><subfield code="z">Ann Arbor.</subfield></datafield><datafield tag="773" ind1="0" ind2=" "><subfield code="a">Yahuda Collection.</subfield></datafield><datafield tag="880" ind1="1" ind2="0"><subfield code="6">245-03/</subfield><subfield code="a">حاشية عصام الدين على البيضاوي,</subfield><subfield code="f">[القرن 17م؟].</subfield></datafield><datafield tag="880" ind1="1" ind2=" "><subfield code="6">100-01/</subfield><subfield code="a">عصام الاسفرايني، ابرهيم بن محمد.</subfield></datafield><datafield tag="CID" ind1=" " ind2=" "><subfield code="a">006806233</subfield></datafield><datafield tag="DAT" ind1="0" ind2=" "><subfield code="a">20190719102637.0</subfield><subfield code="b">20190719000000.0</subfield></datafield><datafield tag="DAT" ind1="1" ind2=" "><subfield code="a">20190719090653.0</subfield><subfield code="b">2019-07-19T16:11:42Z</subfield></datafield><datafield tag="DAT" ind1="2" ind2=" "><subfield code="a">2015-10-02T18:00:03Z</subfield></datafield><datafield tag="CAT" ind1=" " ind2=" "><subfield code="a">SDR-MIU</subfield><subfield code="d">EX LIBRIS - ALEPH</subfield><subfield code="l">prepare.pl-004-008</subfield></datafield><datafield tag="FMT" ind1=" " ind2=" "><subfield code="a">BK</subfield></datafield><datafield tag="HOL" ind1=" " ind2=" "><subfield code="0">sdr-miu006806233</subfield><subfield code="a">MiU</subfield><subfield code="b">SDR</subfield><subfield code="c">MIU</subfield><subfield code="p">mdp.39015079127745</subfield><subfield code="s">MIU</subfield><subfield code="1">006806233</subfield></datafield><datafield tag="974" ind1=" " ind2=" "><subfield code="b">MIU</subfield><subfield code="c">MIU</subfield><subfield code="d">20190719</subfield><subfield code="s">lit-dlps-dc</subfield><subfield code="u">mdp.39015079127745</subfield><subfield code="y">1699</subfield><subfield code="r">pd</subfield><subfield code="q">bib</subfield><subfield code="t">non-US bib date1 &lt; 1879</subfield></datafield></record></collection>